<?xml version="1.0" encoding="UTF-8"?><record xmlns="http://www.loc.gov/MARC21/slim" xmlns:cinclude="http://apache.org/cocoon/include/1.0" xmlns:zs="http://www.loc.gov/zing/srw/">
  <leader>00614nz  a2200145n  4500</leader>
  <controlfield tag="001">no2009074627</controlfield>
  <controlfield tag="003">DLC</controlfield>
  <controlfield tag="005">20090516075620.0</controlfield>
  <controlfield tag="008">090514n| acannaabn          |n aaa     c</controlfield>
  <datafield tag="010" ind1=" " ind2=" ">
    <subfield code="a">no2009074627</subfield>
  </datafield>
  <datafield tag="035" ind1=" " ind2=" ">
    <subfield code="a">(OCoLC)oca08109209</subfield>
  </datafield>
  <datafield tag="040" ind1=" " ind2=" ">
    <subfield code="a">UPB</subfield>
    <subfield code="b">eng</subfield>
    <subfield code="c">UPB</subfield>
  </datafield>
  <datafield tag="100" ind1="1" ind2=" ">
    <subfield code="a">Westerberg, Sarah,</subfield>
    <subfield code="d">1971-</subfield>
  </datafield>
  <datafield tag="670" ind1=" " ind2=" ">
    <subfield code="a">The effect of sustained principal development on the development and maintenance of collaborative activities in schools, 2008:</subfield>
    <subfield code="b">t.p. (Sarah Westerberg, Thesis (Ph. D.)--Brigham Young University. Dept. of Educational Leadership and Foundations)</subfield>
  </datafield>
  <datafield tag="670" ind1=" " ind2=" ">
    <subfield code="a">UPB files, May 12, 2009</subfield>
    <subfield code="b">(Sarah Westerberg, b. 1971)</subfield>
  </datafield>
</record>